@BOOK{numrecipes,
    author = {Press, William H. and Teukolsky, Saul A. and Vetterling, William T. and Flannery, Brian P.},
    title ={Numerical Recipes 3rd Edition: The Art of Scientific Computing},
    year = {2007},
    isbn = {0521880688, 9780521880688},
    edition = {3},
    publisher = {Cambridge University Press},
    address = {New York, NY, USA},
}

@BOOK{MHJensen:2012,
    author = {Hjorth-Jensen, Morten},
    title = {Computational Physics: Lecture Notes Fall 2012},
    year = 2012,
    publisher = {University of Oslo}
}

@article{Taut:1993,
      title = {Two electrons in an external oscillator potential: Particular analytic solutions of a Coulomb correlation problem},
      author = {Taut, M.},
      journal = {Phys. Rev. A},
      volume = {48},
      issue = {5},
      pages = {3561--3566},
      year = {1993},
      month = {Nov},
      doi = {10.1103/PhysRevA.48.3561},
      url = {http://link.aps.org/doi/10.1103/PhysRevA.48.3561},
      publisher = {American Physical Society}
}
