@BOOK{numrecipes,
    author = {Press, William H. and Teukolsky, Saul A. and Vetterling, William T. and Flannery, Brian P.},
    title ={Numerical Recipes 3rd Edition: The Art of Scientific Computing},
    year = {2007},
    isbn = {0521880688, 9780521880688},
    edition = {3},
    publisher = {Cambridge University Press},
    address = {New York, NY, USA},
}

@BOOK{MHJensen:2012,
    author = {Hjorth-Jensen, Morten},
    title = {Computational Physics: Lecture Notes Fall 2012},
    year = 2012,
    publisher = {University of Oslo}
}

@article{Taut:1993,
      title = {Two electrons in an external oscillator potential: Particular analytic solutions of a Coulomb correlation problem},
      author = {Taut, M.},
      journal = {Phys. Rev. A},
      volume = {48},
      issue = {5},
      pages = {3561--3566},
      year = {1993},
      month = {Nov},
      doi = {10.1103/PhysRevA.48.3561},
      url = {http://link.aps.org/doi/10.1103/PhysRevA.48.3561},
      publisher = {American Physical Society}
}

@article{Butcher:1975,
    year={1975},
    issn={0006-3835},
    journal={BIT Numerical Mathematics},
    volume={15},
    number={4},
    doi={10.1007/BF01931672},
    title={{A stability property of implicit Runge-Kutta methods}},
    url={http://dx.doi.org/10.1007/BF01931672},
    publisher={Kluwer Academic Publishers},
    author={Butcher, J.C.},
    pages={358-361},
    language={English}
}

 
@misc{ Wiki:Saturn,
author = "Wikipedia",
title = "Saturn --- Wikipedia{,} The Free Encyclopedia",
year = "2013",
url = "\url{http://en.wikipedia.org/w/index.php?title=Saturn&oldid=577920637}",
note = "[Online; accessed 25-October-2013]"
}


@misc{ Wiki:Perihelion,
author = "Wikipedia",
title = "Tests of general relativity --- Wikipedia{,} The Free Encyclopedia",
year = "2013",
url = "\url{http://en.wikipedia.org/w/index.php?title=Tests_of_general_relativity&oldid=578679396}",
note = "[Online; accessed 28-October-2013]"
}




